@article{zuidema2003poverty,
  title={How the poverty of the stimulus solves the poverty of the stimulus},
  author={Zuidema, Willem},
  journal={Advances in neural information processing systems},
  pages={51--58},
  year={2003},
  publisher={MIT; 1998}
}

@inproceedings{batali1999negotiation,
  title={The negotiation and acquisition of recursive grammars as a result of competition among exemplars},
  author={Batali, John},
  booktitle={Linguistic evolution through language acquisition: Formal and computational models},
  year={1999},
  organization={Citeseer}
}
